<?xml version="1.0" encoding="UTF-8"?><record xmlns="http://www.loc.gov/MARC21/slim" xmlns:cinclude="http://apache.org/cocoon/include/1.0" xmlns:zs="http://www.loc.gov/zing/srw/">
  <leader>00438cz  a2200133n  4500</leader>
  <controlfield tag="001">n 2010003586</controlfield>
  <controlfield tag="003">DLC</controlfield>
  <controlfield tag="005">20100116075427.0</controlfield>
  <controlfield tag="008">100115n| acannaabn          |a aaa      </controlfield>
  <datafield tag="010" ind1=" " ind2=" ">
    <subfield code="a">n 2010003586</subfield>
  </datafield>
  <datafield tag="040" ind1=" " ind2=" ">
    <subfield code="a">DLC</subfield>
    <subfield code="b">eng</subfield>
    <subfield code="c">DLC</subfield>
  </datafield>
  <datafield tag="100" ind1="1" ind2=" ">
    <subfield code="a">Dangel, Ulrich.</subfield>
    <subfield code="t">Nachhaltige Architektur in Voralberg.</subfield>
    <subfield code="l">English</subfield>
  </datafield>
  <datafield tag="400" ind1="1" ind2=" ">
    <subfield code="a">Dangel, Ulrich.</subfield>
    <subfield code="t">Sustainable architecture in Vorarlberg</subfield>
  </datafield>
  <datafield tag="670" ind1=" " ind2=" ">
    <subfield code="a">Dangel, Ulrich. Sustainable architecture in Vorarlberg, 2010.</subfield>
  </datafield>
</record>